<?xml version="1.0" encoding="UTF-8" ?>
<collection xmlns:xsi="http://www.w3.org/2001/XMLSchema-instance" xsi:schemaLocation="http://www.loc.gov/MARC21/slim http://www.loc.gov/standards/marcxml/schema/MARC21slim.xsd" xmlns="http://www.loc.gov/MARC21/slim">
   <record>
      <leader>     cam a22        4500</leader>
      <controlfield tag="001">3955851</controlfield>
      <controlfield tag="003">NIC</controlfield>
      <controlfield tag="005">20140731212836.0</controlfield>
      <controlfield tag="008">870810m19451959le h     b    001 0carard</controlfield>
      <datafield tag="010" ind1=" " ind2=" ">
         <subfield code="a">ne 62000582 </subfield>
      </datafield>
      <datafield tag="035" ind1=" " ind2=" ">
         <subfield code="a">(OCoLC)10970967</subfield>
      </datafield>
      <datafield tag="035" ind1=" " ind2=" ">
         <subfield code="a">3955851</subfield>
      </datafield>
      <datafield tag="040" ind1=" " ind2=" ">
         <subfield code="c">MiU</subfield>
         <subfield code="d">CU-SB</subfield>
         <subfield code="d">NIC</subfield>
      </datafield>
      <datafield tag="050" ind1="0" ind2="0">
         <subfield code="a">PJ25</subfield>
         <subfield code="b">.A6 no.18,etc.</subfield>
      </datafield>
      <datafield tag="100" ind1="1" ind2=" ">
         <subfield code="a">Ghazzī, Najm al-Dīn Muḥammad ibn Muḥammad,</subfield>
         <subfield code="d">1570-1651.</subfield>
      </datafield>
      <datafield tag="245" ind1="1" ind2="3">
         <subfield code="a">al-Kawākib al-sāʾirah bi-aʻyān al-miʾah al-ʻashirah,</subfield>
         <subfield code="c">li-Najm al-Dīn al-Ghazzī. Ḥaqqaqahu wa-ḍabaṭa naṣṣahu Jibrāʾīl Sulaymān Jabbūr.</subfield>
      </datafield>
      <datafield tag="260" ind1=" " ind2=" ">
         <subfield code="a">Bayrūt,</subfield>
         <subfield code="b">al-Maṭbaʻah al-Amīrikānīyah,</subfield>
         <subfield code="c">1945-1958 [ḥaqīqah 1959]</subfield>
      </datafield>
      <datafield tag="300" ind1=" " ind2=" ">
         <subfield code="a">3 v.</subfield>
         <subfield code="b">facsim.</subfield>
         <subfield code="c">24 cm.</subfield>
      </datafield>
      <datafield tag="490" ind1="1" ind2=" ">
         <subfield code="a">Jāmiʻat Bayrūt al-Amīrikīyah. Manshūrāt Kullīyat al-ʻUlūm wa-al-Ādāb. Silsilat al-ʻUlūm al-sharqīyah,</subfield>
         <subfield code="v">no. 18, 20, 29</subfield>
      </datafield>
      <datafield tag="500" ind1=" " ind2=" ">
         <subfield code="a">Added t.p.: al-Kawakib al-sāʾlrah bi-aʻyān al-miʾah al-ʻāshirah, a biographical dictionary of the notable men and women in the Moslem world in the sixteenth Christian century, by Najm al-Dīn al-Ghazzī.</subfield>
      </datafield>
      <datafield tag="500" ind1=" " ind2=" ">
         <subfield code="a">Vol. 3. has imprint: Ḥarīṣā, al-Maṭbaʻah al-Būlisīyah.</subfield>
      </datafield>
      <datafield tag="504" ind1=" " ind2=" ">
         <subfield code="a">Includes bibliographical references and indexes.</subfield>
      </datafield>
      <datafield tag="651" ind1=" " ind2="0">
         <subfield code="a">Middle East</subfield>
         <subfield code="x">Biography.</subfield>
      </datafield>
      <datafield tag="650" ind1=" " ind2="0">
         <subfield code="a">Muslims</subfield>
         <subfield code="x">Biography.</subfield>
      </datafield>
      <datafield tag="700" ind1="1" ind2=" ">
         <subfield code="a">Jabbūr, Jibrāʾīl Sulaymān.</subfield>
      </datafield>
      <datafield tag="830" ind1=" " ind2="0">
         <subfield code="a">Publication of the Faculty of Arts and Sciences.</subfield>
         <subfield code="p">Oriental series ;</subfield>
         <subfield code="v">no. 18, 20, 29.</subfield>
      </datafield>
      <datafield tag="948" ind1="2" ind2=" ">
         <subfield code="a">20010305</subfield>
         <subfield code="b">x</subfield>
         <subfield code="d">arc3</subfield>
         <subfield code="e">lts</subfield>
         <subfield code="f">?</subfield>
         <subfield code="h">?</subfield>
      </datafield>
      <datafield tag="903" ind1=" " ind2=" ">
         <subfield code="a">NYUACO</subfield>
         <subfield code="d">20141028</subfield>
         <subfield code="p">31924030988244</subfield>
      </datafield>
      <datafield tag="950" ind1=" " ind2=" ">
         <subfield code="a">DS61.5</subfield>
         <subfield code="b">.G31 1945</subfield>
         <subfield code="v">v.1 </subfield>
      </datafield>
      <datafield tag="903" ind1=" " ind2=" ">
         <subfield code="a">NYUACO</subfield>
         <subfield code="d">20141028</subfield>
         <subfield code="p">31924096459387</subfield>
      </datafield>
      <datafield tag="950" ind1=" " ind2=" ">
         <subfield code="a">DS61.5</subfield>
         <subfield code="b">.G31 1945</subfield>
         <subfield code="v">v.2 </subfield>
      </datafield>
      <datafield tag="903" ind1=" " ind2=" ">
         <subfield code="a">NYUACO</subfield>
         <subfield code="d">20141028</subfield>
         <subfield code="p">31924096459395</subfield>
      </datafield>
      <datafield tag="950" ind1=" " ind2=" ">
         <subfield code="a">DS61.5</subfield>
         <subfield code="b">.G31 1945</subfield>
         <subfield code="v">v.3 </subfield>
      </datafield>
   </record>
</collection>
